@article{franco2006model,
  title={Model-supported optimization of phototrophic growth in a stirred-tank photobioreactor},
  author={Franco-Lara, Ezequiel and Havel, Jan and Peterat, Frank and Weuster-Botz, Dirk},
  journal={Biotechnology and bioengineering},
  volume={95},
  number={6},
  pages={1177--1187},
  year={2006},
  publisher={Wiley Online Library}
}

@article{mur1977some,
  title={Some experiments on the competition between green algae and blue-green bacteria in light-limited environments},
  author={Mur, LR and Gons, HJ and Van Liere, L},
  journal={FEMS Microbiology Letters},
  volume={1},
  number={6},
  pages={335--338},
  year={1977},
  publisher={Elsevier Science}
}

@article{dos2014synechocystis,
  title={Synechocystis: not just a plug-bug for CO2, but a green E. coli},
  author={dos Santos, Filipe Branco and Du, Wei and Hellingwerf, Klaas J},
  journal={Frontiers in bioengineering and biotechnology},
  volume={2},
  year={2014},
  publisher={Frontiers Media SA}
}


@article{green2014toehold,
  title={Toehold switches: de-novo-designed regulators of gene expression},
  author={Green, Alexander A and Silver, Pamela A and Collins, James J and Yin, Peng},
  journal={Cell},
  volume={159},
  number={4},
  pages={925--939},
  year={2014},
  publisher={Elsevier}
}

@article{pardee2014paper,
  title={Paper-based synthetic gene networks},
  author={Pardee, Keith and Green, Alexander A and Ferrante, Tom and Cameron, D Ewen and DaleyKeyser, Ajay and Yin, Peng and Collins, James J},
  journal={Cell},
  volume={159},
  number={4},
  pages={940--954},
  year={2014},
  publisher={Elsevier}
}

@article{yurke2000dna,
  title={A DNA-fuelled molecular machine made of DNA},
  author={Yurke, Bernard and Turberfield, Andrew J and Mills, Allen P and Simmel, Friedrich C and Neumann, Jennifer L},
  journal={Nature},
  volume={406},
  number={6796},
  pages={605--608},
  year={2000},
  publisher={Nature Publishing Group}
}

@article{qian2011scaling,
  title={Scaling up digital circuit computation with DNA strand displacement cascades},
  author={Qian, Lulu and Winfree, Erik},
  journal={Science},
  volume={332},
  number={6034},
  pages={1196--1201},
  year={2011},
  publisher={American Association for the Advancement of Science}
}
